<?xml version="1.0" encoding="UTF-8"?>
<Document xmlns="urn:iso:std:iso:20022:tech:xsd:pain.001.002.03" xmlns:xsi="http://www.w3.org/2001/XMLSchema-instance" xsi:schemaLocation="urn:iso:std:iso:20022:tech:xsd:pain.001.002.03 pain.001.002.03.xsd"><CstmrCdtTrfInitn><GrpHdr><MsgId>2017-05-30T11:05:25:000000</MsgId><CreDtTm>2017-05-30T11:05:25</CreDtTm><NbOfTxs>1</NbOfTxs><CtrlSum>1332.50</CtrlSum><InitgPty><Nm>app-conf-change</Nm></InitgPty></GrpHdr><PmtInf><PmtInfId>2017-05-30T11:05:25:000000-1</PmtInfId><PmtMtd>TRF</PmtMtd><BtchBookg>true</BtchBookg><NbOfTxs>1</NbOfTxs><CtrlSum>1332.50</CtrlSum><PmtTpInf><InstrPrty>NORM</InstrPrty><SvcLvl><Cd>SEPA</Cd></SvcLvl></PmtTpInf><ReqdExctnDt>2017-05-30</ReqdExctnDt><Dbtr><Nm>debtor name app-conf-change</Nm></Dbtr><DbtrAcct><Id><IBAN>AT611904300234573201</IBAN></Id><Ccy>EUR</Ccy></DbtrAcct><DbtrAgt><FinInstnId><BIC>RZSTAT2G403</BIC></FinInstnId></DbtrAgt><ChrgBr>SLEV</ChrgBr><CdtTrfTxInf><PmtId><EndToEndId>9KwVyDHb9vYrHKGHQ6Ijq</EndToEndId></PmtId><Amt><InstdAmt Ccy="EUR">1332.5</InstdAmt></Amt><CdtrAgt><FinInstnId><BIC>RZSTAT2G403</BIC></FinInstnId></CdtrAgt><Cdtr><Nm>Benjamin Coloman</Nm></Cdtr><CdtrAcct><Id><IBAN>AT611904300234573201</IBAN></Id></CdtrAcct><RmtInf><Ustrd>Remittance Information</Ustrd></RmtInf></CdtTrfTxInf></PmtInf></CstmrCdtTrfInitn></Document>
