<?xml version="1.0" encoding="UTF-8"?>
<Document xmlns="urn:iso:std:iso:20022:tech:xsd:pain.001.002.03" xmlns:xsi="http://www.w3.org/2001/XMLSchema-instance" xsi:schemaLocation="urn:iso:std:iso:20022:tech:xsd:pain.001.002.03 pain.001.002.03.xsd"><CstmrCdtTrfInitn><GrpHdr><MsgId>2017-06-09T14:38:51:000000</MsgId><CreDtTm>2017-06-09T14:38:51</CreDtTm><NbOfTxs>2</NbOfTxs><CtrlSum>98.00</CtrlSum><InitgPty><Nm>app-conf-change</Nm></InitgPty></GrpHdr><PmtInf><PmtInfId>2017-06-09T14:38:51:000000-1</PmtInfId><PmtMtd>TRF</PmtMtd><BtchBookg>true</BtchBookg><NbOfTxs>2</NbOfTxs><CtrlSum>98.00</CtrlSum><PmtTpInf><InstrPrty>NORM</InstrPrty><SvcLvl><Cd>SEPA</Cd></SvcLvl></PmtTpInf><ReqdExctnDt>2017-06-09</ReqdExctnDt><Dbtr><Nm>debtor name app-conf-change</Nm></Dbtr><DbtrAcct><Id><IBAN>AT611904300234573201</IBAN></Id><Ccy>EUR</Ccy></DbtrAcct><DbtrAgt><FinInstnId><BIC>RZSTAT2G403</BIC></FinInstnId></DbtrAgt><ChrgBr>SLEV</ChrgBr><CdtTrfTxInf><PmtId><EndToEndId>328tNVhrwZKMYQZqOEWcG87bK</EndToEndId></PmtId><Amt><InstdAmt Ccy="EUR">49</InstdAmt></Amt><CdtrAgt><FinInstnId><BIC>RZSTAT2G403</BIC></FinInstnId></CdtrAgt><Cdtr><Nm>Benjamin Coloman</Nm></Cdtr><CdtrAcct><Id><IBAN>AT611904300234573201</IBAN></Id></CdtrAcct><RmtInf><Ustrd>Remittance Information</Ustrd></RmtInf></CdtTrfTxInf><CdtTrfTxInf><PmtId><EndToEndId>3os9FVu9EgOf4YWbHy6gUh</EndToEndId></PmtId><Amt><InstdAmt Ccy="EUR">49</InstdAmt></Amt><CdtrAgt><FinInstnId><BIC>RZSTAT2G403</BIC></FinInstnId></CdtrAgt><Cdtr><Nm>Benjamin Coloman</Nm></Cdtr><CdtrAcct><Id><IBAN>AT611904300234573201</IBAN></Id></CdtrAcct><RmtInf><Ustrd>Remittance Information</Ustrd></RmtInf></CdtTrfTxInf></PmtInf></CstmrCdtTrfInitn></Document>
